@Article{mpi-forum:mpi2-journal,
  author       = "{Message Passing Interface Forum}",
  title = 	 {{MPI2}: A {M}essage {P}assing {I}nterface Standard},
  journal = 	 {International Journal of High Performance Computing Applications},
  year = 	 1998,
  volume =	 12,
  number =	 {1--2},
  pages =	 {1--299}
}

@Book{Snir:1998:MPI2Book,
  author       = "Marc Snir and Steve W. Otto and Steven Huss-Lederman and
		  David W. Walker and Jack Dongarra",
  title = 	 {{MPI}---The Complete Reference: 
                  Volume 1, The {MPI} Core, {\rm 2nd edition}},
  publisher = 	 {MIT Press},
  year = 	 1998,
  address =	 {Cambridge, MA}
}
